@InProceedings{Gortler96,
  author =   {S. J. Gortler and R. Grzeszczuk and R. Szeliski and M. F. Cohen},
  title =    "{The Lumigraph}",
  booktitle =    {Proceedings of SIGGRAPH 1996},
  OPTcrossref =  {},
  OPTkey =   {},
  pages =     {43--54},
  year =     {1996},
  OPTeditor =    {},
  OPTvolume =    {},
  OPTnumber =    {},
  OPTseries =    {},
  address =   {New Orleans},
  month =    {August},
  OPTorganization = {},
  OPTpublisher = {},
  OPTnote =      {},
  OPTannote =    {}
}

@InProceedings{McMillan95,
  author =   {McMillan, L. and Gary Bishop},
  title =    "{Plenoptic Modeling: An Image-Based Rendering System.}",
  booktitle =    {Proceedings of SIGGRAPH 1995},
  OPTcrossref =  {},
  OPTkey =   {},
  pages =     {39--46},
  year =     {1995},
  OPTeditor =    {},
  OPTvolume =    {},
  OPTnumber =    {},
  OPTseries =    {},
  OPTaddress =   {New Orleans},
  OPTmonth =    {August},
  OPTorganization = {},
  OPTpublisher = {},
  OPTnote =      {},
  OPTannote =    {}
}

@InProceedings{LFR,
  author =   {M. Levoy and P. Hanrahan},
  title =    "{Light Field Rendering}",
  booktitle =    {Proceedings of SIGGRAPH 1996},
  OPTcrossref =  {},
  OPTkey =   {},
  pages =     {31--42},
  year =     {1996},
  OPTeditor =    {},
  OPTvolume =    {},
  OPTnumber =    {},
  OPTseries =    {},
  address =   {New Orleans},
  month =    {August},
  OPTorganization = {},
  OPTpublisher = {},
  OPTnote =      {},
  OPTannote =    {}
}
