@inproceedings{bet,
 author = {Brodal, Gerth Stolting and Fagerberg, Rolf},
 title = {Lower Bounds for External Memory Dictionaries},
 booktitle = {Proceedings of the Fourteenth Annual ACM-SIAM Symposium on Discrete Algorithms},
 year = {2003},
 pages = {546--554},
}

@article{betlogin,
 author = {Michael A. Bender and Martin Farach-Colton and William Jannen and Rob Johnson and Bradley C. Kuszmaul and Donald E. Porter and Jun Yuan and Yang Zhan},
 journal = {:login; Magazine},
 month = {Oct},
 number = {5},
 pages = {22--28},
 title = {An Introduction to {B}$^\varepsilon$-Trees and Write-Optimization},
 volume = {40},
 year = {2015}
}

@inproceedings{betrfs1,
  author = {Jannen, William and Yuan, Jun and Zhan, Yang and Akshintala, Amogh and Esmet, John and Jiao, Yizheng and Mittal, Ankur and Pandey, Prashant and Reddy, Phaneendra and Walsh, Leif and Bender, Michael and Farach-Colton, Martin and Johnson, Rob and Kuszmaul, Bradley C. and Porter, Donald E.},
  title = {BetrFS: A Right-optimized Write-optimized File System},
  booktitle = {Proceedings of the 13th USENIX Conference on File and Storage Technologies},
  year = {2015},
  pages = {301--315},
}

@article{betrfs1tos,
 author = {Jannen, William and Yuan, Jun and Zhan, Yang and Akshintala, Amogh and Esmet, John and Jiao, Yizheng and Mittal, Ankur and Pandey, Prashant and Reddy, Phaneendra and Walsh, Leif and Bender, Michael A. and Farach-Colton, Martin and Johnson, Rob and Kuszmaul, Bradley C. and Porter, Donald E.},
 title = {BetrFS: Write-Optimization in a Kernel File System},
 journal = {ACM Transactions on Storage},
 volume = {11},
 number = {4},
 year = {2015},
 pages = {18:1--18:29},
}

@inproceedings{betrfs2,
 author = {Yuan, Jun and Zhan, Yang and Jannen, William and Pandey, Prashant and Akshintala, Amogh and Chandnani, Kanchan and Deo, Pooja and Kasheff, Zardosht and Walsh, Leif and Bender, Michael A. and Farach-Colton, Martin and Johnson, Rob and Kuszmaul, Bradley C. and Porter, Donald E.},
 title = {Optimizing Every Operation in a Write-optimized File System},
 booktitle = {Proceedings of the 14th USENIX Conference on File and Storage Technologies},
 year = {2016},
 pages = {1--14},
}

@article{betrfs2tos,
 author = {Yuan, Jun and Zhan, Yang and Jannen, William and Pandey, Prashant and Akshintala, Amogh and Chandnani, Kanchan and Deo, Pooja and Kasheff, Zardosht and Walsh, Leif and Bender, Michael A. and Farach-Colton, Martin and Johnson, Rob and Kuszmaul, Bradley C. and Porter, Donald E.},
 title = {Writes Wrought Right, and Other Adventures in File System Optimization},
 journal = {ACM Transactions on Storage},
 volume = {13},
 number = {1},
 year = {2017},
 pages = {3:1--3:26},
}

@inproceedings{betrfs3,
 author = {Conway, Alex and Bakshi, Ainesh and Jiao, Yizheng and Zhan, Yang and Bender, Michael A. and Jannen, William and Johnson, Rob and Kuszmaul, Bradley C. and Porter, Donald E. and Yuan, Jun and Farach-Colton, Martin},
 title = {File Systems Fated for Senescence? Nonsense, Says Science!},
 booktitle = {Proceedings of the 15th USENIX Conference on File and Storage Technologies},
 year = {2017},
 pages = {45--58},
}

@inproceedings{betrfs4,
 author = {Zhan, Yang and Conway, Alex and Jiao, Yizheng and Knorr, Eric and Bender, Michael A. and Farach-Colton, Martin and Jannen, William and Johnson, Rob and Porter, Donald E. and Yuan, Jun},
 title = {The Full Path to Full-Path Indexing},
 booktitle = {Proceedings of the 16th USENIX Conference on File and Storage Technologies},
 year = {2018},
 pages = {123--138},
}

@article{betrfs4tos,
 author = {Zhan, Yang and Jiao, Yizheng and Porter, Donald E. and Conway, Alex and Knorr, Eric and Farach-Colton, Martin and Bender, Michael A. and Yuan, Jun and Jannen, William and Johnson, Rob},
 title = {Efficient Directory Mutations in a Full-Path-Indexed File System},
 journal = {ACM Transactions on Storage},
 volume = {14},
 number = {3},
 year = {2018},
 pages = {22:1--22:27},
}

@misc{fti,
 author = {{Tokutek Inc.}},
 howpublished = {\url{https://github.com/Tokutek/ft-index}},
 year = {n.d.},
 Title = {ft-index},
}
