@inproceedings{bet,
 author = {Brodal, Gerth Stolting and Fagerberg, Rolf},
 title = {Lower Bounds for External Memory Dictionaries},
 booktitle = {Proceedings of the Fourteenth Annual ACM-SIAM Symposium on Discrete Algorithms},
 year = {2003},
 pages = {546--554},
}

@article{betlogin,
 author = {Michael A. Bender and Martin Farach-Colton and William Jannen and Rob Johnson and Bradley C. Kuszmaul and Donald E. Porter and Jun Yuan and Yang Zhan},
 journal = {:login; Magazine},
 month = {Oct},
 number = {5},
 pages = {22--28},
 title = {An Introduction to {B}$^\varepsilon$-Trees and Write-Optimization},
 volume = {40},
 year = {2015}
}

@inproceedings{betrfs1,
 author = {Jannen, William and Yuan, Jun and Zhan, Yang and Akshintala, Amogh and Esmet, John and Jiao, Yizheng and Mittal, Ankur and Pandey, Prashant and Reddy, Phaneendra and Walsh, Leif and Bender, Michael and Farach-Colton, Martin and Johnson, Rob and Kuszmaul, Bradley C. and Porter, Donald E.},
 title = {BetrFS: A Right-optimized Write-optimized File System},
 booktitle = {Proceedings of the 13th USENIX Conference on File and Storage Technologies},
 year = {2015},
 pages = {301--315},
}

@article{betrfs1tos,
 author = {Jannen, William and Yuan, Jun and Zhan, Yang and Akshintala, Amogh and Esmet, John and Jiao, Yizheng and Mittal, Ankur and Pandey, Prashant and Reddy, Phaneendra and Walsh, Leif and Bender, Michael A. and Farach-Colton, Martin and Johnson, Rob and Kuszmaul, Bradley C. and Porter, Donald E.},
 title = {BetrFS: Write-Optimization in a Kernel File System},
 journal = {ACM Transactions on Storage},
 volume = {11},
 number = {4},
 year = {2015},
 pages = {18:1--18:29},
}

@inproceedings{betrfs2,
 author = {Yuan, Jun and Zhan, Yang and Jannen, William and Pandey, Prashant and Akshintala, Amogh and Chandnani, Kanchan and Deo, Pooja and Kasheff, Zardosht and Walsh, Leif and Bender, Michael A. and Farach-Colton, Martin and Johnson, Rob and Kuszmaul, Bradley C. and Porter, Donald E.},
 title = {Optimizing Every Operation in a Write-optimized File System},
 booktitle = {Proceedings of the 14th USENIX Conference on File and Storage Technologies},
 year = {2016},
 pages = {1--14},
}

@article{betrfs2tos,
 author = {Yuan, Jun and Zhan, Yang and Jannen, William and Pandey, Prashant and Akshintala, Amogh and Chandnani, Kanchan and Deo, Pooja and Kasheff, Zardosht and Walsh, Leif and Bender, Michael A. and Farach-Colton, Martin and Johnson, Rob and Kuszmaul, Bradley C. and Porter, Donald E.},
 title = {Writes Wrought Right, and Other Adventures in File System Optimization},
 journal = {ACM Transactions on Storage},
 volume = {13},
 number = {1},
 year = {2017},
 pages = {3:1--3:26},
}

@inproceedings{betrfs3,
 author = {Conway, Alex and Bakshi, Ainesh and Jiao, Yizheng and Zhan, Yang and Bender, Michael A. and Jannen, William and Johnson, Rob and Kuszmaul, Bradley C. and Porter, Donald E. and Yuan, Jun and Farach-Colton, Martin},
 title = {File Systems Fated for Senescence? Nonsense, Says Science!},
 booktitle = {Proceedings of the 15th USENIX Conference on File and Storage Technologies},
 year = {2017},
 pages = {45--58},
}

@inproceedings{betrfs4,
 author = {Zhan, Yang and Conway, Alex and Jiao, Yizheng and Knorr, Eric and Bender, Michael A. and Farach-Colton, Martin and Jannen, William and Johnson, Rob and Porter, Donald E. and Yuan, Jun},
 title = {The Full Path to Full-Path Indexing},
 booktitle = {Proceedings of the 16th USENIX Conference on File and Storage Technologies},
 year = {2018},
 pages = {123--138},
}

@misc{ftindex,
 author = {{Tokutek Inc.}},
 howpublished = {\url{https://github.com/Tokutek/ft-index}},
 note = {Accessed: 2018-01-28},
 Title = {ft-index},
}

@misc{fuse,
 author = {FUSE},
 howpublished = {\url{https://github.com/libfuse/libfuse}},
 note = {Accessed: 2018-07-05},
}

@misc{docker,
 author = {Docker},
 howpublished = {\url{https://www.docker.com}},
 note = {Accessed: 2018-07-02},
}

@article{cowbtree,
 author = {Rodeh, Ohad},
 title = {B-trees, Shadowing, and Clones},
 journal = {ACM Transactions on Storage},
 volume = {3},
 number = {4},
 year = {2008},
 pages = {2:1--2:27},
}

@inproceedings{episode,
 title = {The Episode file system},
 author = {Chutani, Sailesh and Anderson, Owen T and Kazar, Michael L and Leverett, Bruce W and Mason, W Anthony and Sidebotham, Robert N and others},
 booktitle = {Proceedings of the USENIX Winter 1992 Technical Conference},
 year = {1992},
 pages = {43--60},
}

@inproceedings{wafl,
 author = {Hitz, Dave and Lau, James and Malcolm, Michael},
 title = {File System Design for an NFS File Server Appliance},
 booktitle = {Proceedings of the USENIX Winter 1994 Technical Conference},
 year = {1994},
 pages = {19--19},
}

@inproceedings{wafl-flexvol,
 author = {Edwards, John K. and Ellard, Daniel and Everhart, Craig and Fair, Robert and Hamilton, Eric and Kahn, Andy and Kanevsky, Arkady and Lentini, James and Prakash, Ashish and Smith, Keith A. and Zayas, Edward},
 title = {FlexVol: Flexible, Efficient File Volume Virtualization in WAFL},
 booktitle = {Proceedings of the 2008 USENIX Annual Technical Conference},
 year = {2008},
 pages = {129--142},
}

@article{nilfs2,
 author = {Konishi, Ryusuke and Amagai, Yoshiji and Sato, Koji and Hifumi, Hisashi and Kihara, Seiji and Moriai, Satoshi},
 title = {The Linux Implementation of a Log-structured File System},
 journal = {SIGOPS Operating Systems Review},
 volume = {40},
 number = {3},
 year = {2006},
 pages = {102--107},
}

@article{btrfs,
 author = {Rodeh, Ohad and Bacik, Josef and Mason, Chris},
 title = {BTRFS: The Linux B-Tree Filesystem},
 journal = {Transactions on Storage},
 volume = {9},
 number = {3},
 year = {2013},
 pages = {9:1--9:32},
}

@inproceedings{ext4,
 author = {Mathur, Avantika and Cao, MingMing and Bhattacharya, Suparna and Dilger, Andreas and Tomas, Alex and Vivier, Laurent},
 title = {The new ext4 filesystem: current status and future plans},
 booktitle = {Proceedings of the 2007 Ottowa Linux Symposium},
 volume = {2},
 year = {2007},
 pages = {21--34},
}

@inproceedings{xfs,
 author = {Sweeney, Adam and Doucette, Doug and Hu, Wei and Anderson, Curtis and Nishimoto, Mike and Peck, Geoff},
 title = {Scalability in the XFS File System},
 booktitle = {Proceedings of the 1996 USENIX Annual Techinical Conference},
 year = {1996},
 pages = {1--1},
}

@article{zfs,
  title={ZFS: The last word in file systems},
  author={Bonwick, Jeff and Moore, Bill},
  year={2007}
}

@inproceedings{efs,
 author = {Santry, Douglas S. and Feeley, Michael J. and Hutchinson, Norman C. and Veitch, Alistair C. and Carton, Ross W. and Ofir, Jacob},
 title = {Deciding when to Forget in the Elephant File System},
 booktitle = {Proceedings of the 17th ACM Symposium on Operating Systems Principles},
 year = {1999},
 pages = {110--123},
}

@inproceedings{cvfs,
 author = {Soules, Craig A. N. and Goodson, Garth R. and Strunk, John D. and Ganger, Gregory R.},
 title = {Metadata Efficiency in Versioning File Systems},
 booktitle = {Proceedings of the 2nd USENIX Conference on File and Storage Technologies},
 year = {2003},
 pages = {43--58},
}

@inproceedings{nova,
 author = {Xu, Jian and Zhang, Lu and Memaripour, Amirsaman and Gangadharaiah, Akshatha and Borase, Amit and Da Silva, Tamires Brito and Swanson, Steven and Rudoff, Andy},
 title = {NOVA-Fortis: A Fault-Tolerant Non-Volatile Main Memory File System},
 booktitle = {Proceedings of the 26th Symposium on Operating Systems Principles},
 year = {2017},
 pages = {478--496},
}

@inproceedings{ffs,
 author = {McKusick, Marshall Kirk and Ganger, Gregory R.},
 title = {Soft Updates: A Technique for Eliminating Most Synchronous Writes in the Fast Filesystem},
 booktitle = {Proceedings of the 1999 USENIX Annual Technical Conference},
 year = {1999},
 pages = {1--17},
}

@article{ext3cow,
 author = {Peterson, Zachary and Burns, Randal},
 title = {Ext3Cow: A Time-shifting File System for Regulatory Compliance},
 journal = {Transactions on Storage},
 volume = {1},
 number = {2},
 year = {2005},
 pages = {190--212},
}

@article{gctree,
 author = {Dragga, Chris and Santry, Douglas J.},
 title = {GCTrees: Garbage Collecting Snapshots},
 journal = {Transactions on Storage},
 volume = {12},
 number = {1},
 year = {2016},
 pages = {4:1--4:32},
}

@inproceedings{versionfs,
 author = {Muniswamy-Reddy, Kiran-Kumar and Wright, Charles P. and Himmer, Andrew and Zadok, Erez},
 title = {A Versatile and User-Oriented Versioning File System},
 booktitle = {Proceedings of the 3rd USENIX Conference on File and Storage Technologies},
 year = {2004},
 pages = {115--128},
}

@article{lsm,
  title = {The log-structured merge-tree (LSM-tree)},
  author = {O’Neil, Patrick and Cheng, Edward and Gawlick, Dieter and O’Neil, Elizabeth},
  journal = {Acta Informatica},
  volume = {33},
  number = {4},
  pages = {351--385},
  year = {1996},
}

@inproceedings{kvfs,
 title = {Building workload-independent storage with VT-trees},
 author = {Shetty, Pradeep and Spillane, Richard P and Malpani, Ravikant and Andrews, Binesh and Seyster, Justin and Zadok, Erez},
 booktitle = {Proceedings of the 11th USENIX Conference on File and Storage Technologies},
 pages = {17--30},
 year = {2013}
}

@inproceedings{tablefs,
 title = {TABLEFS: Enhancing Metadata Efficiency in the Local File System},
 author = {Ren, Kai and Gibson, Garth A},
 booktitle = {Proceedings of the 2013 USENIX Annual Technical Conference},
 pages = {145--156},
 year = {2013}
}

@inproceedings{tokufs,
 title = {The TokuFS Streaming File System},
 author = {Esmet, John and Bender, Michael A and Farach-Colton, Martin and Kuszmaul, Bradley C},
 booktitle = {Proceedings of the 4th USENIX Workshop on Hot Topics in Storage and File Systems},
 year = {2012}
}
